@proceedings{Sibgrapi2015,
	Address = {Salvador, Brazil},
	Booktitle = {SIBGRAPI},
	Month = {August},
	Publisher = {{IEEE}},
	Title = {Proceedings of the XXVIII Conference on Graphics, Patterns and Images (SIBGRAPI)},
	Year = {2015},
}

@article{opencv_library,
    author = {Bradski, G.},
    citeulike-article-id = {2236121},
    journal = {Dr. Dobb's Journal of Software Tools},
    keywords = {bibtex-import},
    posted-at = {2008-01-15 19:21:54},
    priority = {4},
    title = {{The OpenCV Library}},
    year = {2000}
}
